@article{pevzner2001eulerian,
  title={An Eulerian path approach to DNA fragment assembly},
  author={Pevzner, Pavel A and Tang, Haixu and Waterman, Michael S},
  journal={Proceedings of the national academy of sciences},
  volume={98},
  number={17},
  pages={9748--9753},
  year={2001},
  publisher={National Acad Sciences}
}


@inproceedings{pevzner2001new,
  title={A new approach to fragment assembly in DNA sequencing},
  author={Pevzner, Pavel A and Tang, Haixu and Waterman, Michael S},
  booktitle={Proceedings of the fifth annual international conference on Computational biology},
  pages={256--267},
  year={2001}
}


@article{bokhari2005parallel,
  title={A parallel graph decomposition algorithm for DNA sequencing with nanopores},
  author={Bokhari, Shahid H and Sauer, Jon R},
  journal={Bioinformatics},
  volume={21},
  number={7},
  pages={889--896},
  year={2005},
  publisher={Oxford University Press}
}


@misc{tucker2006applied,
  title={Applied Combinatorics},
  author={Tucker, Alan},
  year={2006},
  publisher={John Wiley \& Sons, Inc.}
}


@book{west2001introduction,
  title={Introduction to graph theory},
  author={West, Douglas Brent and others},
  volume={2}
}


@inproceedings{de1946combinatorial,
  title={A combinatorial problem},
  author={De Bruijn, Nicolaas Govert},
  booktitle={Proc. Koninklijke Nederlandse Academie van Wetenschappen},
  volume={49},
  pages={758--764},
  year={1946}
}


@article{jones2004introduction,
  title={AN INTRODUCTION TO BIOINFORMATICS ALGORITHMS},
  author={JONES, NEIL C and PAVEL, A PEVZNER},
  year={2004},
  publisher={MIT Press}
}


@article{watson2003molecular,
  title={Molecular structure of nucleic acids: a structure for deoxyribose nucleic acid.},
  author={Watson, JD and Crick, FH},
  journal={The American Journal of Psychiatry},
  volume={160},
  number={4},
  pages={623--624},
  year={2003}
}


@book{pevzner2000computational,
  title={Computational molecular biology: an algorithmic approach},
  author={Pevzner, Pavel},
  year={2000},
  publisher={MIT press}
}


@article{idury1995new,
  title={A new algorithm for DNA sequence assembly},
  author={Idury, Ramana M and Waterman, Michael S},
  journal={Journal of computational biology},
  volume={2},
  number={2},
  pages={291--306},
  year={1995}
}


@article{pevzner1995dna,
  title={DNA physical mapping and alternating Eulerian cycles in colored graphs},
  author={Pevzner, Pavel A.},
  journal={Algorithmica},
  volume={13},
  number={1},
  pages={77--105},
  year={1995},
  publisher={Springer}
}


@article{van1951circuits,
  title={Circuits and trees in oriented linear graphs},
  author={van Aardenne-Ehrenfest, T and de Bruijn, NG},
  journal={Simon Stevin: Wis-en Natuurkundig Tijdschrift},
  volume={28},
  pages={203--217},
  year={1951}
}


@article{tutte1941unicursal,
  title={On unicursal paths in a network of degree 4},
  author={Tutte, WT and Smith, Cedric AB},
  journal={The American Mathematical Monthly},
  volume={48},
  number={4},
  pages={233--237},
  year={1941},
  publisher={Taylor \& Francis}
}


@misc{bollobas1998graduate,
  title={Graduate Texts in Mathematics},
  author={Bollobas, Bela},
  journal={Modern graph theory},
  volume={184},
  year={1998},
  publisher={Springer New York}
}


@book{fleischner1990eulerian,
  title={Eulerian graphs and related topics},
  author={Fleischner, Herbert},
  year={1990},
  publisher={Elsevier}
}


@article{pevzner2001fragment,
  title={Fragment assembly with double-barreled data},
  author={Pevzner, Pavel A and Tang, Haixu},
  journal={Bioinformatics},
  volume={17},
  number={suppl\_1},
  pages={S225--S233},
  year={2001},
  publisher={Oxford University Press}
}


@article{zheng2004parallel,
  title={A parallel DNA fragment assembly algorithm based on eulerian superpath approach},
  author={Zheng, Weimin and Shi, Wei and Zhou, Wanlei},
  journal={Online journal of bioinformatics},
  volume={5},
  pages={91--101},
  year={2004},
  publisher={Pestsearch International}
}


@article{zhengimproved,
  title={An Improved Algorithm for Error Correction of Reads in DNA Fragment Assembly},
  author={Zheng, Jia and Leong, Hon Wai and Tang, Haixu}
}


@article{alekseyev2007colored,
  title={Colored de Bruijn graphs and the genome halving problem},
  author={Alekseyev, Max A and Pevzner, Pavel A},
  journal={IEEE/ACM Transactions on Computational Biology and Bioinformatics},
  volume={4},
  number={1},
  pages={98--107},
  year={2007},
  publisher={IEEE}
}


@article{myers2005fragment,
  title={The fragment assembly string graph},
  author={Myers, Eugene W},
  journal={Bioinformatics},
  volume={21},
  number={suppl\_2},
  pages={ii79--ii85},
  year={2005},
  publisher={Oxford University Press}
}


@article{raphael2004novel,
  title={A novel method for multiple alignment of sequences with repeated and shuffled elements},
  author={Raphael, Benjamin and Zhi, Degui and Tang, Haixu and Pevzner, Pavel},
  journal={Genome Research},
  volume={14},
  number={11},
  pages={2336--2346},
  year={2004},
  publisher={Cold Spring Harbor Lab}
}